@article{chatterjee2001exact,
  title={Exact analysis of the cache behavior of nested loops},
  author={Chatterjee, Siddhartha and Parker, Erin and Hanlon, Philip J and Lebeck, Alvin R},
  journal={ACM SIGPLAN Notices},
  volume={36},
  number={5},
  pages={286--297},
  year={2001},
  publisher={ACM}
}

@article{lv2016survey,
  title={A survey on static cache analysis for real-time systems},
  author={Lv, Mingsong and Guan, Nan and Reineke, Jan and Wilhelm, Reinhard and Yi, Wang},
  journal={Leibniz Transactions on Embedded Systems},
  volume={3},
  number={1},
  pages={05--1},
  year={2016}
}

@article{ahmed2001synthesizing,
  title={Synthesizing transformations for locality enhancement of imperfectly-nested loop nests},
  author={Ahmed, Nawaaz and Mateev, Nikolay and Pingali, Keshav},
  journal={International Journal of Parallel Programming},
  volume={29},
  number={5},
  pages={493--544},
  year={2001},
  publisher={Springer}
}
